<?xml version="1.0" encoding="UTF-8" ?><Document xmlns="urn:iso:std:iso:20022:tech:xsd:camt.053.001.08" xmlns:xsi="http://www.w3.org/2001/XMLSchema-instance" xsi:schemaLocation="urn:iso:std:iso:20022:tech:xsd:camt.053.001.08 camt.053.001.08.xsd">
  <BkToCstmrStmt>
    <GrpHdr>
      <MsgId>53D20250917T2138019160270N250000017</MsgId>
      <CreDtTm>2025-09-17T21:38:01.0+02:00</CreDtTm>
    </GrpHdr>
    <Stmt>
      <Id>4967C532025091721380191011333116700</Id>
      <StmtPgntn>
        <PgNb>1</PgNb>
        <LastPgInd>true</LastPgInd>
      </StmtPgntn>
      <ElctrncSeqNb>250000017</ElctrncSeqNb>
      <LglSeqNb>009</LglSeqNb>
      <CreDtTm>2025-09-17T21:38:01.0+02:00</CreDtTm>
      <FrToDt>
        <FrDtTm>2025-09-17T00:00:00+02:00</FrDtTm>
        <ToDtTm>2025-09-17T23:59:59+02:00</ToDtTm>
      </FrToDt>
      <Acct>
        <Id>
          <IBAN>DE00 0000 0000 0000 0000 00</IBAN>
        </Id>
        <Ccy>EUR</Ccy>
        <Ownr>
          <Nm>ANONYMIZED_NAME</Nm>
        </Ownr>
        <Svcr>
          <FinInstnId>
            <BICFI>ANONYMIZED_BIC</BICFI>
            <Nm>ANONYMIZED_NAME</Nm>
            <Othr>
              <Id>DE00 0000 000</Id>
              <Issr>UmsStId</Issr>
            </Othr>
          </FinInstnId>
        </Svcr>
      </Acct>
      <Bal>
        <Tp>
          <CdOrPrtry>
            <Cd>OPBD</Cd>
          </CdOrPrtry>
        </Tp>
        <Amt Ccy="EUR">41264.23</Amt>
        <CdtDbtInd>CRDT</CdtDbtInd>
        <Dt>
          <Dt>2025-09-17</Dt>
        </Dt>
      </Bal>
      <Bal>
        <Tp>
          <CdOrPrtry>
            <Cd>CLBD</Cd>
          </CdOrPrtry>
        </Tp>
        <Amt Ccy="EUR">41157.88</Amt>
        <CdtDbtInd>CRDT</CdtDbtInd>
        <Dt>
          <Dt>2025-09-17</Dt>
        </Dt>
      </Bal>
      <Ntry>
        <Amt Ccy="EUR">106.35</Amt>
        <CdtDbtInd>DBIT</CdtDbtInd>
        <Sts>
          <Cd>BOOK</Cd>
        </Sts>
        <BookgDt>
          <Dt>2025-09-17</Dt>
        </BookgDt>
        <ValDt>
          <Dt>2025-09-16</Dt>
        </ValDt>
        <AcctSvcrRef>2025091712063068000</AcctSvcrRef>
        <BkTxCd>
          <Domn>
            <Cd>PMNT</Cd>
            <Fmly>
              <Cd>IDDT</Cd>
              <SubFmlyCd>UPDD</SubFmlyCd>
            </Fmly>
          </Domn>
          <Prtry>
            <Cd>NRTI+109+00931</Cd>
            <Issr>DK</Issr>
          </Prtry>
        </BkTxCd>
        <NtryDtls>
          <TxDtls>
            <Refs>
              <EndToEndId>RF280000004100000612</EndToEndId>
              <TxId>2025091502696816090100000010000030</TxId>
              <MndtId>41</MndtId>
            </Refs>
            <Amt Ccy="EUR">106.35</Amt>
            <CdtDbtInd>DBIT</CdtDbtInd>
            <AmtDtls>
              <InstdAmt>
                <Amt Ccy="EUR">99.95</Amt>
              </InstdAmt>
              <TxAmt>
                <Amt Ccy="EUR">106.35</Amt>
              </TxAmt>
            </AmtDtls>
            <BkTxCd>
              <Domn>
                <Cd>PMNT</Cd>
                <Fmly>
                  <Cd>IDDT</Cd>
                  <SubFmlyCd>UPDD</SubFmlyCd>
                </Fmly>
              </Domn>
              <Prtry>
                <Cd>NRTI+109+00931</Cd>
                <Issr>DK</Issr>
              </Prtry>
            </BkTxCd>
            <Chrgs>
              <Rcrd>
                <Amt Ccy="EUR">3.90</Amt>
                <Agt>
                  <FinInstnId>
                    <BICFI>ANONYMIZED_BIC</BICFI>
                  </FinInstnId>
                </Agt>
              </Rcrd>
              <Rcrd>
                <Amt Ccy="EUR">2.50</Amt>
                <Agt>
                  <FinInstnId>
                    <BICFI>ANONYMIZED_BIC</BICFI>
                  </FinInstnId>
                </Agt>
              </Rcrd>
            </Chrgs>
            <RltdPties>
              <Dbtr>
                <Pty>
                  <Nm>ANONYMIZED_NAME</Nm>
                </Pty>
              </Dbtr>
              <DbtrAcct>
                <Id>
                  <IBAN>DE00 0000 0000 0000 0000 00</IBAN>
                </Id>
              </DbtrAcct>
              <Cdtr>
                <Pty>
                  <Nm>ANONYMIZED_NAME</Nm>
                </Pty>
              </Cdtr>
              <CdtrAcct>
                <Id>
                  <IBAN>DE00 0000 0000 0000 0000 00</IBAN>
                </Id>
              </CdtrAcct>
            </RltdPties>
            <RltdAgts>
              <DbtrAgt>
                <FinInstnId>
                  <BICFI>ANONYMIZED_BIC</BICFI>
                </FinInstnId>
              </DbtrAgt>
            </RltdAgts>
            <RmtInf>
              <Ustrd>Retoure SEPA Lastschrift vom 16.09.2025, Rueckgabegrund: MS03 Rückgabegrund vom Kreditinstitut nicht spezifiziert SVWZ: RETURN/REFUND,  EREF</Ustrd>
              <Ustrd>: RF280000004100000612 ENTG: 3,90 EUR Entgelt Rücklastschrift/Rückscheck und 2,50 EUR Entgelt eingehende Rücklastschrift ORG.BETR.: 99,95 EU</Ustrd>
              <Ustrd>R IBAN: DE00 0000 0000 0000 0000 00 BIC: ANONYMIZED_BIC</Ustrd>
            </RmtInf>
            <RtrInf>
              <OrgnlBkTxCd>
                <Domn>
                  <Cd>PMNT</Cd>
                  <Fmly>
                    <Cd>IDDT</Cd>
                    <SubFmlyCd>UPDD</SubFmlyCd>
                  </Fmly>
                </Domn>
                <Prtry>
                  <Cd>171</Cd>
                  <Issr>DK</Issr>
                </Prtry>
              </OrgnlBkTxCd>
              <Orgtr>
                <Id>
                  <OrgId>
                    <AnyBIC>ANONYMIZED_BIC</AnyBIC>
                  </OrgId>
                </Id>
              </Orgtr>
              <Rsn>
                <Cd>MS03</Cd>
              </Rsn>
              <AddtlInf>Rückgabegrund vom Kreditinstitut nicht spezifizi</AddtlInf>
            </RtrInf>
          </TxDtls>
        </NtryDtls>
        <AddtlNtryInf>Retourenbelastung</AddtlNtryInf>
      </Ntry>
    </Stmt>
  </BkToCstmrStmt>
</Document>
